@misc{boston2024,
  title = {Yes on 2: {MCAS} will no longer be high school graduation requirement},
  author = {{Boston.com}},
  year = {2024},
  month = {November},
  day = {6},
  url = {https://www.boston.com/news/politics/2024/11/06/yes-on-2-mcas-no-longer-be-high-school-graduation-requirement/},
  note = {Accessed April 26, 2025}
}

@misc{bostonglobe2024,
  title = {Most states have extensive graduation requirements. {In} {Massachusetts}, it's just the {MCAS}},
  author = {{Boston Globe}},
  year = {2024},
  month = {October},
  day = {27},
  url = {https://www.bostonglobe.com/2024/10/21/metro/mcas-ballot-measure-national-comparison-exit-exams/},
  note = {Accessed April 26, 2025}
}

@article{caves2018,
  title = {The impact of high school exit exams on graduation rates and achievement},
  author = {Caves, Katherine and Balestra, Simone},
  journal = {The Journal of Educational Research},
  volume = {111},
  number = {2},
  pages = {186--200},
  year = {2018},
  publisher = {Taylor \& Francis},
  doi = {10.1080/00220671.2016.1226158}
}

@misc{rhodeisland2023,
  title = {{MCAS} graduation requirement is not punitive, it's a lifeline for highest-need students in {Mass.}},
  author = {{Rhode Island Current}},
  year = {2023},
  month = {December},
  day = {7},
  url = {https://rhodeislandcurrent.com/2023/12/07/mcas-graduation-requirement-is-not-punitive-its-a-lifeline-for-highest-need-students-in-mass/},
  note = {Accessed April 26, 2025}
}

@misc{harvard2024,
  title = {What impact have high school exit exams had in {Massachusetts}?},
  author = {{Harvard Graduate School of Education}},
  year = {2024},
  month = {October},
  url = {https://www.gse.harvard.edu/ideas/usable-knowledge/24/10/what-impact-have-high-school-exit-exams-had-massachusetts},
  note = {Accessed April 26, 2025}
}

@misc{bls2024,
  title = {College enrollment and work activity of recent high school and college graduates summary - 2024 {A01} results},
  author = {{Bureau of Labor Statistics}},
  year = {2024},
  url = {https://www.bls.gov/news.release/hsgec.nr0.htm},
  note = {Accessed April 26, 2025}
}

@techreport{dee2006,
  title = {Do high school exit exams influence educational attainment or labor market performance?},
  author = {Dee, Thomas S. and Jacob, Brian A.},
  institution = {National Bureau of Economic Research},
  year = {2006},
  type = {NBER Working Paper},
  number = {12199},
  url = {https://www.nber.org/papers/w12199}
}

@misc{fairtest2024,
  title = {Graduation test update: {States} that recently eliminated or scaled back high school exit exams},
  author = {{FairTest}},
  year = {2024},
  month = {October},
  day = {18},
  url = {https://fairtest.org/graduation-test-update-states-recently-eliminated/},
  note = {Accessed April 26, 2025}
}

@misc{papay2024,
  title = {The {MCAS} as a graduation requirement},
  author = {Papay, John and Mantil, Ann},
  year = {2024},
  month = {July},
  day = {18},
  publisher = {Annenberg Institute at Brown University},
  url = {https://annenberg.brown.edu/edopportunity/mcas-graduation-requirement},
  note = {Accessed April 26, 2025}
} 